@inproceedings {
    bunda93,
    author = {Bunda, J. and Fussell, D. and Athas, W.C. and Jenevein, Roy},
    year = {1993},
    month = {06},
    pages = {237-246},
    title = {16-bit Vs. 32-bit Instructions For Pipelined Microprocessors},
    isbn = {0-8186-3810-9},
    doi = {10.1109/ISCA.1993.698564}
}

@article {
    burger04,
    author = {D. {Burger} and S. W. {Keckler} and K. S. {McKinley} and M. {Dahlin} and L. K. {John} and C. {Lin} and C. R. {Moore} and J. {Burrill} and R. G. {McDonald} and W. {Yoder}},
    journal = {Computer},
    title = {Scaling to the end of silicon with EDGE architectures},
    year = {2004},
    volume = {37},
    number = {7},
    pages = {44-55}
}

@manual {
    waterman19,
    editor = {A. Waterman and K. Asanovi{\'c}},
    title = {The RISC-V Instruction Set Manual, Volume I: User-Level ISA, Document Version
20191213},
    publisher = {RISC-V Foundation},
    year = {2019},
    month = {12}
}

@online {
    waterman15,
    author = {A. Waterman and Y. Lee and D. Patterson and K. Asanovi{\'c}},
    title = {RISC-V Compressed Extension},
    url = {https://riscv.org/wp-content/uploads/2015/06/riscv-compressed-workshop-june2015.pdf},
    date = {2015-06-29},
    urldate = {2020-07-15}
}

@book {
    alpha14,
    title = {Alpha Architecture Reference Manual},
    author = {{Alpha Architecture Committee} and others},
    editor = {R. L. Sites},
    year = {2014},
    publisher = {Digital Press}
}

@article {
    ieee18,
    author = {},
    journal = {IEEE Std 1003.1-2017 (Revision of IEEE Std 1003.1-2008)},
    title = {IEEE Standard for Information Technology--Portable Operating System Interface (POSIX(R)) Base Specifications, Issue 7},
    year = {2018},
    volume = {},
    number = {},
    pages = {1-3951},
    doi = {10.1109/IEEESTD.2018.8277153}
}

@article {
    vhdl94,
    author = {},
    journal = {ANSI/IEEE Std 1076-1993},
    title = {IEEE Standard VHDL Language Reference Manual},
    year = {1994},
    volume = {},
    number = {},
    pages = {1-288},
    doi = {10.1109/IEEESTD.1994.121433}
}